@book{name01,
    author          = {Author},
    title           = {Title},
    year            = {year},
    publisher       = {publisher}
}

@article{name02,
    author          = {Author},
    title           = {Title},
    journaltitle    = {Journal Title},
    year            = {year}
}

@online{name03,
    author          = {Author},
    title           = {Title},
    year            = {year},
    url             = {url}
}

@misc{name04,
    author          = {{Author}},
    title           = {Title},
    year            = {year},
    note            = {[Some notes]},
    url             = {Url}
}
